<?xml version="1.0" encoding="UTF-8"?><collection xmlns="http://www.loc.gov/MARC21/slim"><record><leader>00464nam--2200181-u-4500</leader><controlfield tag="001">000052643</controlfield><controlfield tag="002">20161230</controlfield><controlfield tag="005">20161230201050</controlfield><controlfield tag="008">101001s1000------------r-----000-0-rus-d</controlfield><datafield ind1=" " ind2=" " tag="040"><subfield code="a">IFIN-HH</subfield></datafield><datafield ind1=" " ind2=" " tag="041"><subfield code="a">rus</subfield></datafield><datafield ind1=" " ind2=" " tag="080"><subfield code="a">533.9</subfield></datafield><datafield ind1=" " ind2=" " tag="110"><subfield code="a">Akademiia Nauk Litovskoi SSR</subfield></datafield><datafield ind1="1" ind2="0" tag="245"><subfield code="a">Plasma i neluprovodnikah. V Simpozium, 15-17 noiabria 1983</subfield><subfield code="b">Programma</subfield></datafield><datafield ind1=" " ind2=" " tag="260"><subfield code="a">Vilnius</subfield><subfield code="c">1983</subfield></datafield><datafield ind1=" " ind2=" " tag="300"><subfield code="a">26 p</subfield></datafield><datafield ind1=" " ind2=" " tag="852"><subfield code="a">71775</subfield><subfield code="c">533.9</subfield></datafield><datafield ind1=" " ind2=" " tag="CAT"><subfield code="a">Sys</subfield><subfield code="c">20101001</subfield><subfield code="h">104315</subfield></datafield></record></collection>